@InProceedings{las14cloudmeshmultiple,
  title                    = {{Accessing Multiple Clouds with Cloudmesh}},
  author                   = {von Laszewski, Gregor and Wang, Fugang and Lee, Hyungro and Chen, Heng and Fox, Geoffrey C.},
  booktitle                = {Proceedings of the 2014 ACM International Workshop on Software-defined Ecosystems},
  year                     = {2014},

  address                  = {New York, NY, USA},
  pages                    = {21--28},
  publisher                = {ACM},
  series                   = {BigSystem '14},
  acmid                    = {2609638},
  doi                      = {10.1145/2609441.2609638},
  isbn                     = {978-1-4503-2909-5},
  keywords                 = {cloud computing},
  location                 = {Vancouver, BC, Canada},
  numpages                 = {8},
  url                      = {http://doi.acm.org/10.1145/2609441.2609638}
}

@misc{www-i524,
author = {{Gregor von Laszewski and Badi Abdul-Wahid}},
title = {{Big Data Classes}},
url = {https://cloudmesh.github.io/classes/},
howpublished = {Web Page},
address = {Indiana University},
year = {2017},
month = jan
}

@inproceedings{demchenko2016cloud,
  title={Cloud based big data infrastructure: Architectural components and automated provisioning},
  author={Demchenko, Yuri and Turkmen, Fatih and de Laat, Cees and Blanchet, Christophe and Loomis, Charles},
  booktitle={High Performance Computing \& Simulation (HPCS), 2016 International Conference on},
  pages={628--636},
  year={2016},
  organization={IEEE}
}

@article{raghupathi2014big,
  title={Big data analytics in healthcare: promise and potential},
  author={Raghupathi, Wullianallur and Raghupathi, Viju},
  journal={Health Information Science and Systems},
  volume={2},
  number={1},
  pages={1},
  year={2014},
  publisher={BioMed Central}
}

@book{zikopoulos2011understanding,
  title={Understanding big data: Analytics for enterprise class hadoop and streaming data},
  author={Zikopoulos, Paul and Eaton, Chris and others},
  year={2011},
  publisher={McGraw-Hill Osborne Media}
}

@article{stantchev2014cloud,
  title={Cloud computing based systems for healthcare},
  author={Stantchev, Vladimir and Colomo-Palacios, Ricardo and Niedermayer, Michael},
  journal={The Scientific World Journal},
  volume={2014},
  year={2014},
  publisher={Hindawi Publishing Corporation}
}

@article{aji2013hadoop,
  title={Hadoop GIS: a high performance spatial data warehousing system over mapreduce},
  author={Aji, Ablimit and Wang, Fusheng and Vo, Hoang and Lee, Rubao and Liu, Qiaoling and Zhang, Xiaodong and Saltz, Joel},
  journal={Proceedings of the VLDB Endowment},
  volume={6},
  number={11},
  pages={1009--1020},
  year={2013},
  publisher={VLDB Endowment}
}

@inproceedings{eldawy2016hadoopviz,
  title={HadoopViz: A MapReduce framework for extensible visualization of big spatial data},
  author={Eldawy, Ahmed and Mokbel, M and Jonathan, Christopher},
  booktitle={IEEE Intl. Conf. on Data Engineering (ICDE)},
  year={2016}
}

@inproceedings{cuzzocrea2013data,
  title={Data warehousing and OLAP over big data: current challenges and future research directions},
  author={Cuzzocrea, Alfredo and Bellatreche, Ladjel and Song, Il-Yeol},
  booktitle={Proceedings of the sixteenth international workshop on Data warehousing and OLAP},
  pages={67--70},
  year={2013},
  organization={ACM}
}

@article{thusoo2009hive,
  title={Hive: a warehousing solution over a map-reduce framework},
  author={Thusoo, Ashish and Sarma, Joydeep Sen and Jain, Namit and Shao, Zheng and Chakka, Prasad and Anthony, Suresh and Liu, Hao and Wyckoff, Pete and Murthy, Raghotham},
  journal={Proceedings of the VLDB Endowment},
  volume={2},
  number={2},
  pages={1626--1629},
  year={2009},
  publisher={VLDB Endowment}
}

@article{chen2010cheetah,
  title={Cheetah: a high performance, custom data warehouse on top of MapReduce},
  author={Chen, Songting},
  journal={Proceedings of the VLDB Endowment},
  volume={3},
  number={1-2},
  pages={1459--1468},
  year={2010},
  publisher={VLDB Endowment}
}

@inproceedings{he2011rcfile,
  title={RCFile: A fast and space-efficient data placement structure in MapReduce-based warehouse systems},
  author={He, Yongqiang and Lee, Rubao and Huai, Yin and Shao, Zheng and Jain, Namit and Zhang, Xiaodong and Xu, Zhiwei},
  booktitle={2011 IEEE 27th International Conference on Data Engineering},
  pages={1199--1208},
  year={2011},
  organization={IEEE}
}

@inproceedings{chevalier2015implementing,
  title={Implementing multidimensional data warehouses into NoSQL},
  author={Chevalier, Max and El Malki, Mohammed and Kopliku, Arlind and Teste, Olivier and Tournier, Ronan},
  booktitle={17th International Conference on Enterprise Information Systems (ICEISâ€™15), Spain},
  year={2015}
}

@article{goodhope2012building,
  title={Building LinkedIn's Real-time Activity Data Pipeline.},
  author={Goodhope, Ken and Koshy, Joel and Kreps, Jay and Narkhede, Neha and Park, Richard and Rao, Jun and Ye, Victor Yang},
  journal={IEEE Data Eng. Bull.},
  volume={35},
  number={2},
  pages={33--45},
  year={2012}
}

